@Misc{SbbStats,
	Author = {Stefan Weigel},
	Title = {Alle 17 Monate ein neuer Bahnhof},
	Note = {Retrieved Decemeber 14. 2017 from \url{https://dima.sbb.ch/unterwegs/artikel/60735/alle-17-monate-ein-neuer-bahnhof}},
	Year = {2017},
}
@Misc{SbbStats1,
	Author = {SBB},
	Title = {Bahnh\"ofe},
	Note = {Retrieved Decemeber 14. 2017 from \url{https://reporting.sbb.ch/bahnhoefe}},
	Year = {2017},
}
@Misc{SbbStats2,
	Author = {SBB},
	Title = {Liniennetzplan SBB Fernverkehr},
	Note = {Retrieved Decemeber 14. 2017 from \url{https://www.sbb.ch/content/dam/sbb/de/pdf/fahrplan/fahrplaninformationen/fahrplanwechsel/2016/SBB-FV-CH-IR-A1-174-de-WEB.pdf}},
	Year = {2017},
}
@Misc{SbbStats3,
	Author = {SBB},
	Title = {Fahrplan \& Billettkauf},
	Note = {Retrieved Decemeber 14. 2017 from \url{https://www.sbb.ch/de/kaufen/pages/fahrplan/fahrplan.xhtml}},
	Year = {2017},
}
@Misc{SbbStats4,
	Author = {SBB},
	Title = {Passagierfrequenzen im Schienenverkehr},
	Note = {Retrieved Decemeber 16. 2017 from \url{https://reporting.sbb.ch/_file/167/t01pd-sbb-passagierfrequenzenimschienenverkehr2016.pdf}},
	Year = {2017},
}
@book{camazine2003,
	Title={Self-organization in biological systems},
  	Author={Camazine, Scott},
  	Year={2003},
  	Publisher={Princeton University Press}
}

@techreport{Aco1,
 	Title={T.: Ant colony optimization-artificial ants as a computational intelligence technique. Universit Libre de Bruxelles},
  	Author={Dorigo, Marco and Birattari, M and Stutzle, T},
  	Year={2006},
  	Institution={IRIDIA Technical report Series, Belgium}
}

@techreport{RailFormation,
 	Title={Swiss Rail Network Formation with Physarum Polycephalum},
  	Author={Lucas B\"ottcher, Simon Roth, Gabriela Sch\"ar},
  	Year={2012},
  	Institution={ETH, Z\"urich}
}